<record><leader>00000cas a22000007a 4500</leader><controlfield tag="001">2266191</controlfield><controlfield tag="008">760620d19061927paudn ne      0    0eng d</controlfield><controlfield tag="009">54</controlfield><datafield ind1=" " ind2=" " tag="010"><subfield code="a">sn 85054654 </subfield></datafield><datafield ind1=" " ind2=" " tag="040"><subfield code="a">PIT</subfield><subfield code="b">eng</subfield><subfield code="c">PIT</subfield><subfield code="d">NPH</subfield><subfield code="d">DLC</subfield><subfield code="d">NPH</subfield></datafield><datafield ind1="1" ind2=" " tag="029"><subfield code="a">AU@</subfield><subfield code="b">000025799869</subfield></datafield><datafield ind1=" " ind2=" " tag="042"><subfield code="a">msc</subfield></datafield><datafield ind1="0" ind2="0" tag="050"><subfield code="a">Newspaper 9604</subfield></datafield><datafield ind1="0" ind2=" " tag="130"><subfield code="a">Pittsburgh sun (Pittsburgh, Pa. : 1906)</subfield></datafield><datafield ind1="0" ind2="4" tag="245"><subfield code="a">The Pittsburgh sun.</subfield></datafield><datafield ind1="1" ind2="0" tag="246"><subfield code="a">Sun</subfield><subfield code="f">&lt;June 1-July 30, 1927&gt;</subfield></datafield><datafield ind1=" " ind2=" " tag="260"><subfield code="a">Pittsburgh, Pa. :</subfield><subfield code="b">Post Pub. Co.,</subfield><subfield code="c">1906-1927.</subfield></datafield><datafield ind1=" " ind2=" " tag="300"><subfield code="a">v. :</subfield><subfield code="b">ill. ;</subfield><subfield code="c">61 cm.</subfield></datafield><datafield ind1=" " ind2=" " tag="310"><subfield code="a">Daily (except Sunday)</subfield></datafield><datafield ind1="0" ind2=" " tag="362"><subfield code="a">Vol. 1, no. 1 (Mar. 1, 1906)-v. 22, no. 130 (Aug. 1, 1927).</subfield></datafield><datafield ind1=" " ind2=" " tag="500"><subfield code="a">The word "Pittsburgh" appears above masthead ornament.</subfield></datafield><datafield ind1=" " ind2=" " tag="752"><subfield code="a">United States</subfield><subfield code="b">Pennsylvania</subfield><subfield code="c">Allegheny</subfield><subfield code="d">Pittsburgh.</subfield></datafield><datafield ind1="0" ind2="7" tag="785"><subfield code="t">Pittsburgh chronicle telegraph</subfield><subfield code="w">(DLC)sn 85054644</subfield></datafield><datafield ind1="0" ind2="7" tag="785"><subfield code="t">Pittsburgh sun-telegraph</subfield><subfield code="w">(DLC)sn 84024538</subfield></datafield></record>